<record><leader>00000cas a22000007a 4500</leader><controlfield tag="001">22147146</controlfield><controlfield tag="008">900726d1880188umdudn ne      0    0eng d</controlfield><datafield ind1=" " ind2=" " tag="010"><subfield code="a">sn 90057209 </subfield></datafield><datafield ind1=" " ind2=" " tag="040"><subfield code="a">MFN</subfield><subfield code="b">eng</subfield><subfield code="c">MFN</subfield><subfield code="d">OCLCQ</subfield></datafield><datafield ind1=" " ind2=" " tag="042"><subfield code="a">msc</subfield></datafield><datafield ind1="0" ind2=" " tag="130"><subfield code="a">Daily evening globe (Hagerstown, Md.)</subfield></datafield><datafield ind1="1" ind2="4" tag="245"><subfield code="a">The daily evening globe.</subfield></datafield><datafield ind1=" " ind2=" " tag="260"><subfield code="a">Hagerstown, Md. :</subfield><subfield code="b">Ira W. Hays</subfield></datafield><datafield ind1=" " ind2=" " tag="300"><subfield code="a">v.</subfield></datafield><datafield ind1=" " ind2=" " tag="310"><subfield code="a">Daily (except Sun.)</subfield></datafield><datafield ind1="1" ind2=" " tag="362"><subfield code="a">Began in 1880?</subfield></datafield><datafield ind1=" " ind2=" " tag="588"><subfield code="a">Description based on: Vol. 2, whole no. 482 (Sept. 22, 1880).</subfield></datafield><datafield ind1=" " ind2=" " tag="752"><subfield code="a">United States</subfield><subfield code="b">Maryland</subfield><subfield code="c">Washington</subfield><subfield code="d">Hagerstown.</subfield></datafield><datafield ind1="1" ind2=" " tag="775"><subfield code="t">Weekly globe (Hagerstown, Md.)</subfield><subfield code="w">(DLC)sn 84024591</subfield></datafield><datafield ind1="0" ind2="0" tag="780"><subfield code="t">Evening globe (Hagerstown, Md. : 1879)</subfield><subfield code="w">(DLC)sn 89060305</subfield></datafield><datafield ind1="0" ind2="0" tag="785"><subfield code="t">Evening globe (Hagerstown, Md. : 1885)</subfield><subfield code="w">(DLC)sn 90057210</subfield></datafield></record>